%% This BibTeX bibliography file was created using BibDesk.
%% http://bibdesk.sourceforge.net/

%% Created for Maurizio Tidei at 2015-01-26 13:20:26 +0100 


%% Saved with string encoding Unicode (UTF-8) 


@article{weiserm1991,
	Author = {Weiser, Mark},
	Citeulike-Article-Id = {960996},
	Date-Added = {2015-01-08 17:08:26 +0000},
	Date-Modified = {2015-01-08 17:09:01 +0000},
	Journal = {Scientific American},
	Keywords = {pervasive computing},
	Month = sep,
	Number = {3},
	Pages = {66--75},
	Posted-At = {2006-11-24 16:49:05},
	Priority = {0},
	Title = {The computer for the 21st century},
	Volume = {265},
	Year = {1991},
	Bdsk-File-1 = {YnBsaXN0MDDUAQIDBAUGJCVYJHZlcnNpb25YJG9iamVjdHNZJGFyY2hpdmVyVCR0b3ASAAGGoKgHCBMUFRYaIVUkbnVsbNMJCgsMDxJXTlMua2V5c1pOUy5vYmplY3RzViRjbGFzc6INDoACgAOiEBGABIAFgAdccmVsYXRpdmVQYXRoWWFsaWFzRGF0YV8QPS4uL1BhcGVycywgVGhlc2VuLCBTb25zdC9XZWlzZXItQ29tcHV0ZXIyMXN0Q2VudHVyeS1TY2lBbS5wZGbSFwsYGVdOUy5kYXRhTxECOgAAAAACOgACAAAMTWFjaW50b3NoIEhEAAAAAAAAAAAAAAAAAAAAz9RG5kgrAAAAEHwyH1dlaXNlci1Db21wdXRlcjIxc3RDIzYxMzY1OS5wZGYAAAAAAAAAAAAAAAAAAAAAAAAAAAAAAAAAAAAAAAAAAABhNlnQ1HizAAAAAAAAAAAAAQACAAAJIAAAAAAAAAAAAAAAAAAAABVQYXBlcnMsIFRoZXNlbiwgU29uc3QAABAACAAAz9QqxgAAABEACAAA0NRqowAAAAEAFAAQfDIAEHwdABB1TgAQWS0AAmb5AAIAcU1hY2ludG9zaCBIRDpVc2VyczoAbWF1cml6aW90aWRlaToARHJvcGJveDoATWFzdGVyIFRoZXNpczoAUGFwZXJzLCBUaGVzZW4sIFNvbnN0OgBXZWlzZXItQ29tcHV0ZXIyMXN0QyM2MTM2NTkucGRmAAAOAEoAJABXAGUAaQBzAGUAcgAtAEMAbwBtAHAAdQB0AGUAcgAyADEAcwB0AEMAZQBuAHQAdQByAHkALQBTAGMAaQBBAG0ALgBwAGQAZgAPABoADABNAGEAYwBpAG4AdABvAHMAaAAgAEgARAASAGRVc2Vycy9tYXVyaXppb3RpZGVpL0Ryb3Bib3gvTWFzdGVyIFRoZXNpcy9QYXBlcnMsIFRoZXNlbiwgU29uc3QvV2Vpc2VyLUNvbXB1dGVyMjFzdENlbnR1cnktU2NpQW0ucGRmABMAAS8AABUAAgAU//8AAIAG0hscHR5aJGNsYXNzbmFtZVgkY2xhc3Nlc11OU011dGFibGVEYXRhox0fIFZOU0RhdGFYTlNPYmplY3TSGxwiI1xOU0RpY3Rpb25hcnmiIiBfEA9OU0tleWVkQXJjaGl2ZXLRJidUcm9vdIABAAgAEQAaACMALQAyADcAQABGAE0AVQBgAGcAagBsAG4AcQBzAHUAdwCEAI4AzgDTANsDGQMbAyADKwM0A0IDRgNNA1YDWwNoA2sDfQOAA4UAAAAAAAACAQAAAAAAAAAoAAAAAAAAAAAAAAAAAAADhw==}}

@book{pervasive-computing,
	Author = {Chalmers, Dan},
	Date-Added = {2015-01-05 21:32:59 +0000},
	Date-Modified = {2015-01-05 21:36:21 +0000},
	Keywords = {context aware computing, pervasive computing},
	Publisher = {Springer},
	Title = {Sensing and Systems in Pervasive Computing, Engineering Context Aware Systems},
	Year = {2011},
	Bdsk-File-1 = {YnBsaXN0MDDUAQIDBAUGJCVYJHZlcnNpb25YJG9iamVjdHNZJGFyY2hpdmVyVCR0b3ASAAGGoKgHCBMUFRYaIVUkbnVsbNMJCgsMDxJXTlMua2V5c1pOUy5vYmplY3RzViRjbGFzc6INDoACgAOiEBGABIAFgAdccmVsYXRpdmVQYXRoWWFsaWFzRGF0YW8QJgAuAC4ALwBCAHUDCABjAGgAZQByAC8AYgBvAGsAJQAzAEEAOQA3ADgALQAwAC0AOAA1ADcAMgA5AC0AOAA0ADEALQA2AC4AcABkAGbSFwsYGVdOUy5kYXRhTxEB7gAAAAAB7gACAAAMTWFjaW50b3NoIEhEAAAAAAAAAAAAAAAAAAAAz9RG5kgrAAAAEHweG2JvayUzQTk3OC0wLTg1NzI5LTg0MS02LnBkZgAAAAAAAAAAAAAAAAAAAAAAAAAAAAAAAAAAAAAAAAAAAAAAAABeYjvQ0MFPAAAAAAAAAAAAAQACAAAJIAAAAAAAAAAAAAAAAAAAAAZCn2NoZXIAEAAIAADP1CrGAAAAEQAIAADQ0LM/AAAAAQAUABB8HgAQfB0AEHVOABBZLQACZvkAAgBeTWFjaW50b3NoIEhEOlVzZXJzOgBtYXVyaXppb3RpZGVpOgBEcm9wYm94OgBNYXN0ZXIgVGhlc2lzOgBCn2NoZXI6AGJvayUzQTk3OC0wLTg1NzI5LTg0MS02LnBkZgAOADgAGwBiAG8AawAlADMAQQA5ADcAOAAtADAALQA4ADUANwAyADkALQA4ADQAMQAtADYALgBwAGQAZgAPABoADABNAGEAYwBpAG4AdABvAHMAaAAgAEgARAASAE5Vc2Vycy9tYXVyaXppb3RpZGVpL0Ryb3Bib3gvTWFzdGVyIFRoZXNpcy9CdcyIY2hlci9ib2slM0E5NzgtMC04NTcyOS04NDEtNi5wZGYAEwABLwAAFQACABT//wAAgAbSGxwdHlokY2xhc3NuYW1lWCRjbGFzc2VzXU5TTXV0YWJsZURhdGGjHR8gVk5TRGF0YVhOU09iamVjdNIbHCIjXE5TRGljdGlvbmFyeaIiIF8QD05TS2V5ZWRBcmNoaXZlctEmJ1Ryb290gAEACAARABoAIwAtADIANwBAAEYATQBVAGAAZwBqAGwAbgBxAHMAdQB3AIQAjgDdAOIA6gLcAt4C4wLuAvcDBQMJAxADGQMeAysDLgNAA0MDSAAAAAAAAAIBAAAAAAAAACgAAAAAAAAAAAAAAAAAAANK}}

@book {ellipsoid,
	title = {Fundamentals of Inertial Navigation, Satellite-based Positioning and their Integration},
	author = {Aboelmagd Noureldin and Tashfeen B. Karamat and  Jacques Georgy},
	Publisher = {Springer},
	Year = {2013},
	Isbn = {978-3-642-30465-1},
	Edition = {1st},
}

@book{distributed-cas,
	Author = {Paulo, Ferreira and Pedro, Alves},
	Date-Added = {2015-01-05 21:24:15 +0000},
	Date-Modified = {2015-01-05 21:29:18 +0000},
	Keywords = {context aware computing},
	Publisher = {Springer-Verlag},
	Title = {Distributed Context-Aware Systems},
	Year = {2014},
	Bdsk-File-1 = {YnBsaXN0MDDUAQIDBAUGJCVYJHZlcnNpb25YJG9iamVjdHNZJGFyY2hpdmVyVCR0b3ASAAGGoKgHCBMUFRYaIVUkbnVsbNMJCgsMDxJXTlMua2V5c1pOUy5vYmplY3RzViRjbGFzc6INDoACgAOiEBGABIAFgAdccmVsYXRpdmVQYXRoWWFsaWFzRGF0YW8QJgAuAC4ALwBCAHUDCABjAGgAZQByAC8AYgBvAGsAJQAzAEEAOQA3ADgALQAzAC0AMwAxADkALQAwADQAOAA4ADIALQA2AC4AcABkAGbSFwsYGVdOUy5kYXRhTxEB7gAAAAAB7gACAAAMTWFjaW50b3NoIEhEAAAAAAAAAAAAAAAAAAAAz9RG5kgrAAAAEHweG2JvayUzQTk3OC0zLTMxOS0wNDg4Mi02LnBkZgAAAAAAAAAAAAAAAAAAAAAAAAAAAAAAAAAAAAAAAAAAAAAAAABYYx3Qum/OAAAAAAAAAAAAAQACAAAJIAAAAAAAAAAAAAAAAAAAAAZCn2NoZXIAEAAIAADP1CrGAAAAEQAIAADQumG+AAAAAQAUABB8HgAQfB0AEHVOABBZLQACZvkAAgBeTWFjaW50b3NoIEhEOlVzZXJzOgBtYXVyaXppb3RpZGVpOgBEcm9wYm94OgBNYXN0ZXIgVGhlc2lzOgBCn2NoZXI6AGJvayUzQTk3OC0zLTMxOS0wNDg4Mi02LnBkZgAOADgAGwBiAG8AawAlADMAQQA5ADcAOAAtADMALQAzADEAOQAtADAANAA4ADgAMgAtADYALgBwAGQAZgAPABoADABNAGEAYwBpAG4AdABvAHMAaAAgAEgARAASAE5Vc2Vycy9tYXVyaXppb3RpZGVpL0Ryb3Bib3gvTWFzdGVyIFRoZXNpcy9CdcyIY2hlci9ib2slM0E5NzgtMy0zMTktMDQ4ODItNi5wZGYAEwABLwAAFQACABT//wAAgAbSGxwdHlokY2xhc3NuYW1lWCRjbGFzc2VzXU5TTXV0YWJsZURhdGGjHR8gVk5TRGF0YVhOU09iamVjdNIbHCIjXE5TRGljdGlvbmFyeaIiIF8QD05TS2V5ZWRBcmNoaXZlctEmJ1Ryb290gAEACAARABoAIwAtADIANwBAAEYATQBVAGAAZwBqAGwAbgBxAHMAdQB3AIQAjgDdAOIA6gLcAt4C4wLuAvcDBQMJAxADGQMeAysDLgNAA0MDSAAAAAAAAAIBAAAAAAAAACgAAAAAAAAAAAAAAAAAAANK}}

@inproceedings{Abowd99,
	Acmid = {743843},
	Address = {London, UK, UK},
	Author = {Abowd, Gregory D. and Dey, Anind K.},
	Booktitle = {Proceedings of the 1st International Symposium on Handheld and Ubiquitous Computing},
	Date-Added = {2015-01-05 21:07:54 +0000},
	Date-Modified = {2015-01-09 11:22:54 +0000},
	Isbn = {3-540-66550-1},
	Keywords = {context aware computing},
	Location = {Karlsruhe, Germany},
	Numpages = {4},
	Pages = {304--307},
	Publisher = {Springer-Verlag},
	Series = {HUC '99},
	Title = {Towards a Better Understanding of Context and Context-Awareness},
	Year = {1999},
	Bdsk-File-1 = {YnBsaXN0MDDUAQIDBAUGJCVYJHZlcnNpb25YJG9iamVjdHNZJGFyY2hpdmVyVCR0b3ASAAGGoKgHCBMUFRYaIVUkbnVsbNMJCgsMDxJXTlMua2V5c1pOUy5vYmplY3RzViRjbGFzc6INDoACgAOiEBGABIAFgAdccmVsYXRpdmVQYXRoWWFsaWFzRGF0YV8QXC4uL1BhcGVycywgVGhlc2VuLCBTb25zdC9Ub3dhcmRzIGEgQmV0dGVyIFVuZGVyc3RhbmRpbmcgb2YgQ29udGV4dCBhbmQgQ29udGV4dC1Bd2FyZW5lc3MucGRm0hcLGBlXTlMuZGF0YU8RApgAAAAAApgAAgAADE1hY2ludG9zaCBIRAAAAAAAAAAAAAAAAAAAAM/URuZIKwAAABB8Mh9Ub3dhcmRzIGEgQmV0dGVyIFVuZCM1RTVFNkEucGRmAAAAAAAAAAAAAAAAAAAAAAAAAAAAAAAAAAAAAAAAAAAAXl5q0NC6pQAAAAAAAAAAAAEAAgAACSAAAAAAAAAAAAAAAAAAAAAVUGFwZXJzLCBUaGVzZW4sIFNvbnN0AAAQAAgAAM/UKsYAAAARAAgAANDQrJUAAAABABQAEHwyABB8HQAQdU4AEFktAAJm+QACAHFNYWNpbnRvc2ggSEQ6VXNlcnM6AG1hdXJpemlvdGlkZWk6AERyb3Bib3g6AE1hc3RlciBUaGVzaXM6AFBhcGVycywgVGhlc2VuLCBTb25zdDoAVG93YXJkcyBhIEJldHRlciBVbmQjNUU1RTZBLnBkZgAADgCIAEMAVABvAHcAYQByAGQAcwAgAGEAIABCAGUAdAB0AGUAcgAgAFUAbgBkAGUAcgBzAHQAYQBuAGQAaQBuAGcAIABvAGYAIABDAG8AbgB0AGUAeAB0ACAAYQBuAGQAIABDAG8AbgB0AGUAeAB0AC0AQQB3AGEAcgBlAG4AZQBzAHMALgBwAGQAZgAPABoADABNAGEAYwBpAG4AdABvAHMAaAAgAEgARAASAINVc2Vycy9tYXVyaXppb3RpZGVpL0Ryb3Bib3gvTWFzdGVyIFRoZXNpcy9QYXBlcnMsIFRoZXNlbiwgU29uc3QvVG93YXJkcyBhIEJldHRlciBVbmRlcnN0YW5kaW5nIG9mIENvbnRleHQgYW5kIENvbnRleHQtQXdhcmVuZXNzLnBkZgAAEwABLwAAFQACABT//wAAgAbSGxwdHlokY2xhc3NuYW1lWCRjbGFzc2VzXU5TTXV0YWJsZURhdGGjHR8gVk5TRGF0YVhOU09iamVjdNIbHCIjXE5TRGljdGlvbmFyeaIiIF8QD05TS2V5ZWRBcmNoaXZlctEmJ1Ryb290gAEACAARABoAIwAtADIANwBAAEYATQBVAGAAZwBqAGwAbgBxAHMAdQB3AIQAjgDtAPIA+gOWA5gDnQOoA7EDvwPDA8oD0wPYA+UD6AP6A/0EAgAAAAAAAAIBAAAAAAAAACgAAAAAAAAAAAAAAAAAAAQE}}

@book{age-of-context,
	Author = {Robert Scoble and Shel Israel},
	Date-Added = {2015-01-05 17:54:53 +0000},
	Date-Modified = {2015-01-05 17:57:30 +0000},
	Edition = {1st},
	Keywords = {context aware computing, big data, sensors},
	Publisher = {Patrick Brewster Press},
	Read = {1},
	Title = {Age of Context: Mobile, Sensors, Data and the Future of Privacy},
	Year = {2013}}

@book{swift-book,
    Author = {Apple},
	Date-Added = {2015-01-04 13:33:58 +0000},
	Date-Modified = {2015-01-04 15:18:19 +0000},
	Edition = {1st},
	Keywords = {swift},
	Publisher = {Apple Inc.},
	Rating = {5},
	Read = {1},
	Series = {Swift Programming Series},
	Title = {The Swift Programming Language},
	Year = {2014}}
	
@book{swift-objc-book,
    Author = {Apple},
	Date-Added = {2015-02-22},
	Edition = {1st},
	Keywords = {swift, objective-c},
	Publisher = {Apple Inc.},
	Rating = {5},
	Read = {1},
	Series = {Swift Programming Series},
	Title = {Using Swift with Cocoa and Objective-C},
	Year = {2014}}

@book{scala-book,
	Address = {USA},
	Author = {Odersky, Martin and Spoon, Lex and Venners, Bill},
	Date-Modified = {2015-01-04 15:19:16 +0000},
	Edition = {2nd},
	Isbn = {0981531601},
	Keywords = {scala},
	Publisher = {Artima Incorporation},
	Title = {Programming in Scala: A Comprehensive Step-by-step Guide},
	Year = {2010}}

@url{slides-ca-computing,
	Author = {swati sonawane},
	Date-Added = {2014-12-18 11:49:41 +0000},
	Date-Modified = {2014-12-18 11:52:04 +0000},
	Keywords = {context aware computing, ubiquitous computing},
	Lastchecked = {18.12.2014},
	Title = {context aware computing},
	Urldate = {27.08.2012},
	Bdsk-Url-1 = {http://de.slideshare.net/swatibaiger/context-aware-computing-14084995}}

@url{decayingkalman,
	Author = {Ben Haley},
	Date-Added = {2014-12-18 09:20:51 +0000},
	Date-Modified = {2014-12-18 09:32:11 +0000},
	Keywords = {kalman filter},
	Lastchecked = {18.12.2014},
	Read = {1},
	Title = {2D Decaying Kalman Filter Demo},
	Urldate = {18.12.2014},
	Bdsk-Url-1 = {http://jsfiddle.net/Cnj8s/68/}}

@inproceedings{Schilit94context-awarecomputing,
	Author = {Bill Schilit and Norman Adams and Roy Want},
	Booktitle = {In Proceedings of the Workshop on Mobile Computing Systems and Applications},
	Date-Modified = {2015-01-05 21:10:35 +0000},
	Keywords = {context aware computing},
	Pages = {85--90},
	Publisher = {IEEE Computer Society},
	Read = {1},
	Title = {Context-Aware Computing Applications},
	Year = {1994},
	Bdsk-File-1 = {YnBsaXN0MDDUAQIDBAUGJCVYJHZlcnNpb25YJG9iamVjdHNZJGFyY2hpdmVyVCR0b3ASAAGGoKgHCBMUFRYaIVUkbnVsbNMJCgsMDxJXTlMua2V5c1pOUy5vYmplY3RzViRjbGFzc6INDoACgAOiEBGABIAFgAdccmVsYXRpdmVQYXRoWWFsaWFzRGF0YV8QJS4uLy4uLy4uL0Rvd25sb2Fkcy9zY2hpbGl0LW1jc2E5NC5wZGbSFwsYGVdOUy5kYXRhTxEBnAAAAAABnAACAAAMTWFjaW50b3NoIEhEAAAAAAAAAAAAAAAAAAAAz9RG5kgrAAAAEGK7EnNjaGlsaXQtbWNzYTk0LnBkZgAAAAAAAAAAAAAAAAAAAAAAAAAAAAAAAAAAAAAAAAAAAAAAAAAAAAAAAAAAAABYXoXQumVMAAAAAAAAAAAAAwACAAAJIAAAAAAAAAAAAAAAAAAAAAlEb3dubG9hZHMAABAACAAAz9QqxgAAABEACAAA0LpXPAAAAAEADAAQYrsAEFktAAJm+QACAEBNYWNpbnRvc2ggSEQ6VXNlcnM6AG1hdXJpemlvdGlkZWk6AERvd25sb2FkczoAc2NoaWxpdC1tY3NhOTQucGRmAA4AJgASAHMAYwBoAGkAbABpAHQALQBtAGMAcwBhADkANAAuAHAAZABmAA8AGgAMAE0AYQBjAGkAbgB0AG8AcwBoACAASABEABIAMFVzZXJzL21hdXJpemlvdGlkZWkvRG93bmxvYWRzL3NjaGlsaXQtbWNzYTk0LnBkZgATAAEvAAAVAAIAFP//AACABtIbHB0eWiRjbGFzc25hbWVYJGNsYXNzZXNdTlNNdXRhYmxlRGF0YaMdHyBWTlNEYXRhWE5TT2JqZWN00hscIiNcTlNEaWN0aW9uYXJ5oiIgXxAPTlNLZXllZEFyY2hpdmVy0SYnVHJvb3SAAQAIABEAGgAjAC0AMgA3AEAARgBNAFUAYABnAGoAbABuAHEAcwB1AHcAhACOALYAuwDDAmMCZQJqAnUCfgKMApAClwKgAqUCsgK1AscCygLPAAAAAAAAAgEAAAAAAAAAKAAAAAAAAAAAAAAAAAAAAtE=}}

@article{MapReduceArticle,
 author = {Dean, Jeffrey and Ghemawat, Sanjay},
 title = {MapReduce: Simplified Data Processing on Large Clusters},
 journal = {Commun. ACM},
 issue_date = {January 2008},
 volume = {51},
 number = {1},
 month = jan,
 year = {2008},
 issn = {0001-0782},
 pages = {107--113},
 numpages = {7},
 doi = {10.1145/1327452.1327492},
 acmid = {1327492},
 publisher = {ACM},
 address = {New York, NY, USA},
} 

@book{gof,
 author = {Gamma, Erich and Helm, Richard and Johnson, Ralph and Vlissides, John},
 title = {Design Patterns: Elements of Reusable Object-oriented Software},
 year = {1995},
 isbn = {0-201-63361-2},
 publisher = {Addison-Wesley Longman Publishing Co., Inc.},
 address = {Boston, MA, USA},
} 

@book {ScalaDesignPatterns,
author = {Hunt, John},
title = {Scala Design Patterns: Patterns for Practical Reuse and Design},
address = {Cham},
year = {2013},
publisher = {Springer Berlin Heidelberg},
keywords = {Computer science. Software engineering. Computer Science},
pages = {Online-Ressource (XXII, 327 p. 90 illus., 49 illus. in color, online resource)},
URL = {http://nbn-resolving.de/urn/resolver.pl?urn=10.1007/978-3-319-02192-8},
URL = {http://dx.doi.org/10.1007/978-3-319-02192-8},
URL = {http://dx.doi.org/10.1007/978-3-319-02192-8},
type = {Text (nur für elektronische Ressourcen)},
ISBN = {978-331-90219-2-8},
ISBN = {978-331-90219-1-1 (Druckausgabe)},
}

@book{sensors-book,
    author = {Michael J. McGrath and Cliodhna Ní Scanaill},
    isbn = {978-1-4302-6013-4},
    publisher = {Apress},
    title = {Sensor Technologies: Healthcare, Wellness and Environmental Applications},
    year = {2013}
}

@book{play-book,
    author = {Hilton, Peter and Bakker, Erik and Canedo, Francisco},
    isbn = {1617290793},
    publisher = {Manning Publications},
    title = {{Play for Scala: Covers Play 2}},
    %url = {http://www.worldcat.org/isbn/1617290793},
    year = {2014}
}

@book{nosqldistilled,
 author = {Sadalage, Pramod J. and Fowler, Martin},
 title = {NoSQL Distilled: A Brief Guide to the Emerging World of Polyglot Persistence},
 year = {2013},
 isbn = {0-321-82662-0},
 edition = {1st},
 note = {Third printing},
 publisher = {Addison-Wesley Professional},
} 

@book{js-goodparts,
author = {Crockford, Douglas},
title = {JavaScript:The Good Parts},
year = {2008},
publisher = {O'Reilly},
keywords = {JavaScript},
pages = {XIII, 163 S.},
edition = {1st},
ISBN = {978-3-89721-876-5},
}

@book{domaindriven,
 author = {Evans},
 title = {Domain-Driven Design: Tacking Complexity In the Heart of Software},
 year = {2003},
 isbn = {0321125215},
 publisher = {Addison-Wesley Longman Publishing Co., Inc.},
 address = {Boston, MA, USA},
} 

@article{positioning,
    author = {J. Borenstein and H. R. Everett and L. Feng and D. Wehe},
    title = {Mobile Robot Positioning Sensors and Techniques},
    year = {1997},
}

@article{footslam,
  added-at = {2014-04-22T01:22:02.000+0200},
  author = {Angermann, Michael and Robertson, Patrick},
  biburl = {http://www.bibsonomy.org/bibtex/2209a6164d8427317ee54490cbf9351ab/inanc.g},
  ee = {http://dx.doi.org/10.1109/JPROC.2012.2189785},
  interhash = {1e547edcfe7a4beebe1c22359c63adb7},
  intrahash = {209a6164d8427317ee54490cbf9351ab},
  journal = {Proceedings of the IEEE},
  number = {Centennial-Issue},
  pages = {1840-1848},
  timestamp = {2014-04-22T01:22:02.000+0200},
  title = {FootSLAM: Pedestrian Simultaneous Localization and Mapping Without Exteroceptive Sensors - Hitchhiking on Human Perception and Cognition.},
  volume = 100,
  year = 2012
}

@inproceedings{gps-precision,
    author = {Ivo Musulin and David Brčić and Serdjo Kos},
    title = {A Study of Smartphone Satellite Positioning Performance at Sea Using GPS and GLONASS Systems},
    year = {2014},
    booktitle = {In Proceedings of the 22nd International Symposium on Electronics in Transport (ISEP 2014)}
}


@url{scala-dsl-example,
	Author = {Macacek, Jan},
	Date-Added = {2015-01-07 15:57:02 +0000},
	Date-Modified = {2015-01-07 15:59:00 +0000},
	Keywords = {scala},
	Lastchecked = {7.1.2015},
	Title = {Type-safe DSL},
	Url = {http://www.cakesolutions.net/teamblogs/2011/12/10/type-safe-dsl},
	Urldate = {2015-01-05},
	Year = {2011},
	Bdsk-Url-1 = {http://www.cakesolutions.net/teamblogs/2011/12/10/type-safe-dsl},
	shorthand = {Scala-DSL-Example}
}

@url {GCD-Reference,
 title = {Grand Central Dispatch (GCD) Reference},
 author = {Apple},
 url = {https://developer.apple.com/library/mac/documentation/Performance/Reference/GCD_libdispatch_Ref/index.html},
 urldate = {2015-02-18},
 shorthand = {GCD-Reference},
}

@url {geoid,
 title = {GRACE - Gravity Recovery and Climate Experiment},
 url = {http://www.csr.utexas.edu/grace/gravity/gravity_definition.html},
 urldate = {2015-02-23},
 shorthand = {Geoid-Grace}
}

@url {nasageoid,
 title = {The NASA GSFC and NIMA Joint Geopotential Model},
 author = {NASA},
 url = {http://cddis.nasa.gov/926/egm96/egm96.html},
 urldate = {2015-02-23},
 shorthand = {NASA-Geoid}
}

@url{couchbase,
	Author = {Couchbase Inc.},
	shorthand = {Couchbase},
	Keywords = {couchbase},
	Urldate = {2015-03-11},
	Title = {Couchbase NoSQL Database Server},
	Url = {http://www.couchbase.com/nosql-databases/couchbase-server}
}

@url{couchbase-lite,
	Author = {Couchbase Inc.},
	shorthand = {Couchbase-Mobile},
	Date-Added = {2015-01-26 11:44:16 +0000},
	Date-Modified = {2015-01-26 12:15:10 +0000},
	Keywords = {couchbase},
	Urldate = {2015-01-26},
	Title = {Couchbase Mobile NoSQL Database},
	Url = {http://www.couchbase.com/nosql-databases/couchbase-mobile}
}

@url {typesafeact,
 title = {Typesafe Activator, What *is* it?},
 author = {Dick Wall},
 url = {https://typesafe.com/blog/typesafe-activator-what-is-it},
 urldate = {2015-02-26},
 shorthand = {Typesafe-Activator}
}

@url {reactivemanifesto,
title = {The Reactive Manifesto 2.0},
author = {Bonér, Jonas and Farley, Dave and Thompson, Martin and Kuhn, Roland},
url = {http://typesafe.com/blog/reactive-manifesto-20},
url2 = {http://www.reactivemanifesto.org},
urldate = {2015-03-02},
shorthand = {React-Manifesto}
}

@url {reactivecouchbase,
title = {Reactive Couchbase},
author = {Ancelin, Mathieu and contributors},
url = {http://reactivecouchbase.org},
urldate = {2015-03-02},
shorthand = {React-Couchbase}
}

@url {steinersarnen,
title = {The Company Steiner Sarnen Schweiz AG},
author = {Steiner Sarnen Schweiz AG},
url = {http://www.steinersarnen.ch},
urldate = {2015-03-03},
shorthand = {Steiner-Sarnen}
}

@url {playdecision,
title = {Why did Typesafe select Play for their stack instead of Lift?},
author = {Jonas Bonér},
url = {http://www.quora.com/Why-did-Typesafe-select-Play-for-their-stack-instead-of-Lift},
urldate = {2015-03-09},
shorthand = {Play-Decision}
}

@url {coreplot,
title = {The Core Plot open source plotting framework},
author = {Eric Skroch and contributors},
url = {https://github.com/core-plot/core-plot},
urldate = {2015-03-10},
shorthand = {Core-Plot}
}

@url {cocoapods,
title = {The CocoaPods open source dependency manager for iOS and OSX projects},
author = {Eloy Durán and contributors},
url = {http://cocoapods.org/},
urldate = {2015-03-10},
shorthand = {CocoaPods}
}

@url {cocoalumberjack,
title = {A fast \& simple, yet powerful \& flexible logging framework for Mac and iOS},
author = {Robbie Hanson and contributors},
url = {https://github.com/CocoaLumberjack/CocoaLumberjack},
urldate = {2015-03-10},
shorthand = {CocoaLumberjack}
}

@url {clperf,
title = {CocoaLumberjack Analysis of Performance with Benchmarks},
author = {Robbie Hanson and contributors},
url = {https://github.com/CocoaLumberjack/CocoaLumberjack/blob/master/Documentation/Performance.md},
urldate = {2015-03-10},
shorthand = {CL-Benchmarks}
}

@url {xcodebeta,
title = {Xcode download page, containing pre-release versions},
author = {Apple Inc.},
url = {https://developer.apple.com/xcode/downloads/},
urldate = {2015-03-10},
shorthand = {Xcode-beta}
}

@url {scala-futures,
title = {Scala Documentation - Futures and Promises},
author = {Philipp Haller and Aleksandar Prokopec and Heather Miller and Viktor Klang and Roland Kuhn and Vojin Jovanovic},
url = {http://docs.scala-lang.org/overviews/core/futures.html},
urldate = {2015-03-11},
shorthand = {Scala-Futures}
}

@url {scalajs06,
title = {Scala.js no longer experimental},
author = {Sébastien Doeraene},
url = {http://www.scala-lang.org/news/2015/02/05/scala-js-no-longer-experimental.html},
urldate = {2015-03-14},
shorthand = {Scala.js-0.6}
}


@url {interview-eich,
title = {Interview with Brendan Eich, the creator of JavaScript},
author = {Charles Severance},
url = {https://www.youtube.com/watch?v=IPxQ9kEaF8c&feature=youtu.be
},
urldate = {2015-03-17},
shorthand = {Interview-Eich},
year = {2012}
}

@url {coffeescript,
title = {CoffeeScript Homepage},
author = {Jeremy Ashkenas and contributors},
url = {http://coffeescript.org},
urldate = {2015-03-17},
shorthand = {CoffeeScript},
}

@url {typescript,
title = {The TypeScript Language},
author = {Microsoft Inc. and contributors},
url = {http://www.typescriptlang.org},
urldate = {2015-03-12},
shorthand = {TypeScript}
}

@url {typescript-repo,
title = {DefinitelyTyped - Repository for TypeScript type definitions},
author = {Boris Yankov and contricutors},
url = {http://definitelytyped.org},
urldate = {2015-03-12},
shorthand = {TS-TypeRepository}
}

@url {scalajs-interview,
title = {Scaling from the back to the frontend - Interview: Compiling Scala to JavaScript with Scala.js},
author = {Elliot Bentley},
url = {http://jaxenter.com/interview-compiling-scala-to-javascript-with-scala-js-107247.html},
urldate = {2015-03-17},
shorthand = {Interview-Doeraene}
}

@url {scalajs,
title = {Scala.js - the Scala to JavaScript compiler},
author = {Sébastien Doeraene},
url = {http://www.scala-js.org},
urldate = {2015-03-17},
shorthand = {Scala.js}
}

@url {playscalajs,
title = {Play with Scala.js},
author = {Vincent Munier},
url = {https://github.com/vmunier/play-with-scalajs-example},
urldate = {2015-03-17},
shorthand = {Scala.js-Crosscompiling}
}

@url {bootstrap,
title = {Bootstrap from Twitter},
author = {Mark Otto},
url = {https://blog.twitter.com/2011/bootstrap-twitter},
urldate = {2015-03-14},
year = {2011},
shorthand = {Bootstrap}
}

@url {upickle,
title = {µPickle - a lightweight serialization library for Scala},
author = {Li Haoyi},
url = {https://github.com/lihaoyi/upickle},
urldate = {2015-03-20},
shorthand = {µPickle}
}

@url {ble,
title = {Technical Information - The Low Energy Technology Behind Bluetooth Smart},
author = {Bluetooth Special Interest Group},
url = {http://www.bluetooth.com/Pages/low-energy-tech-info.aspx},
urldate = {2015-03-20},
shorthand = {BLE}
}

@url {less,
title = {Less history},
author = {Alexis Sellier and contributors},
url = {http://lesscss.org/about/#team},
urldate = {2015-03-22},
shorthand = {less}
}

@url {clproximity,
title = {CLBeacon Class Reference: CLProximity enumeration},
author = {Apple Inc.},
url = {https://developer.apple.com/library/prerelease/ios/documentation/CoreLocation/Reference/CLBeacon_class/index.html#//apple_ref/c/tdef/CLProximity
},
urldate = {2015-03-30},
shorthand = {Proximity}
}

@url {cbattachment,
title = {Attachment | Couchbase - Mobile Developers},
author = {Couchbase Inc.},
url = {http://developer.couchbase.com/mobile/develop/guides/couchbase-lite/native-api/attachment/index.html},
urldate = {2015-02-04},
shorthand = {Attachment}
}

@url {swift-1-2,
title = {Swift 1.2 improvements},
author = {Apple Inc.},
url = {https://developer.apple.com/swift/blog/?id=22},
urldate = {2015-03-14},
shorthand = {Swift-1.2}
}

@url {balsamiq,
title = {Balsamiq Mockups},
author = {Balsamiq Studios, LLC},
url = {https://balsamiq.com/products/mockups/},
urldate = {2015-04-07},
shorthand = {Balsamiq}
}

@url {specs2,
title = {specs2},
author = {Eric Torreborre and contributors},
url = {http://etorreborre.github.io/specs2/},
urldate = {2015-04-10},
shorthand = {specs2}
}

@url {key,
title = {},
author = {},
url = {},
urldate = {2015-03-14},
shorthand = {}
}

%http://www.javaworld.com/article/2604122/scripting-jvm-languages/scala-founder-language-due-for-fundamental-rethink.html